<collection xmlns="http://www.loc.gov/MARC21/slim">
<record>
  <leader>01250nam0a22002411i 450 </leader>
  <controlfield tag="001">IT\ICCU\CNCE\060566</controlfield>
  <controlfield tag="005">20151126000000.0</controlfield>
  <datafield tag="100" ind1=" " ind2=" ">
    <subfield code="a">20050524d1573        0itac0103    ba</subfield>
  </datafield>
  <datafield tag="101" ind1=" " ind2=" ">
    <subfield code="a">LAT</subfield>
  </datafield>
  <datafield tag="102" ind1=" " ind2=" ">
    <subfield code="a">IT</subfield>
  </datafield>
  <datafield tag="200" ind1="1" ind2=" ">
    <subfield code="a">Manuale Romanum, in quo omnia quae hebdomadarius, in diuinorum officiorum celebratione, in choro recitare, atque cantare debeat passim continentur a r.d. Aegidio Regazola Venetiarum ... ex Breuiario Romano reformato, ... excerptum, ac ... cura &amp; diligentia impressum; cum orationibus propriis ... in fine additis ...</subfield>
  </datafield>
  <datafield tag="210" ind1=" " ind2=" ">
    <subfield code="a">Venetiis</subfield>
    <subfield code="c">apud Ioannem Variscum &amp; socios</subfield>
    <subfield code="d">1573</subfield>
  </datafield>
  <datafield tag="215" ind1=" " ind2=" ">
    <subfield code="a">\20!, 129 \i.e. 128! c.</subfield>
    <subfield code="c">ill.</subfield>
    <subfield code="d">fol</subfield>
  </datafield>
  <datafield tag="620" ind1=" " ind2=" ">
    <subfield code="a">IT</subfield>
    <subfield code="d">Venezia</subfield>
  </datafield>
  <datafield tag="700" ind1=" " ind2="1">
    <subfield code="a">Regazzola,</subfield>
    <subfield code="b">Egidio</subfield>
    <subfield code="3">IT\ICCU\CNCA\012554</subfield>
  </datafield>
  <datafield tag="712" ind1="0" ind2="0">
    <subfield code="a">Varisco, Giovanni &amp; C.</subfield>
    <subfield code="3">IT\ICCU\CNCT\002997</subfield>
    <subfield code="4">650</subfield>
  </datafield>
  <datafield tag="790" ind1=" " ind2="1">
    <subfield code="a">Regazola,</subfield>
    <subfield code="b">Egidio</subfield>
    <subfield code="3">IT\ICCU\CNCA\023386</subfield>
    <subfield code="z">Regazzola, Egidio</subfield>
  </datafield>
  <datafield tag="790" ind1=" " ind2="1">
    <subfield code="a">Regazola,</subfield>
    <subfield code="b">Aegidius</subfield>
    <subfield code="3">IT\ICCU\CNCA\023387</subfield>
    <subfield code="z">Regazzola, Egidio</subfield>
  </datafield>
  <datafield tag="790" ind1=" " ind2="1">
    <subfield code="a">Ragazzola,</subfield>
    <subfield code="b">Egidio</subfield>
    <subfield code="3">IT\ICCU\CNCA\023531</subfield>
    <subfield code="z">Regazzola, Egidio</subfield>
  </datafield>
  <datafield tag="791" ind1="0" ind2="0">
    <subfield code="a">Guarisco, Giovanni &amp; C.</subfield>
    <subfield code="3">IT\ICCU\CNCT\006428</subfield>
    <subfield code="z">Varisco, Giovanni &amp; C.</subfield>
  </datafield>
  <datafield tag="801" ind1=" " ind2="3">
    <subfield code="a">IT</subfield>
    <subfield code="b">ICCU</subfield>
    <subfield code="c">20201115</subfield>
  </datafield>
  <datafield tag="899" ind1=" " ind2=" ">
    <subfield code="a">Biblioteca statale. Lucca</subfield>
    <subfield code="z">MUTILO</subfield>
    <subfield code="1">LU0022</subfield>
    <subfield code="2">LUA BL</subfield>
  </datafield>
  <datafield tag="899" ind1=" " ind2=" ">
    <subfield code="a">Biblioteca Arcivescovile. Udine</subfield>
    <subfield code="1">UD0100</subfield>
    <subfield code="2">ZUD 11</subfield>
  </datafield>
</record>
</collection>
